001  0000138
005  20170816145629.230
008  170704s||||     bl|||||||||||||||||por|u
020    $a9788534704373
040    $aPorto Alegre$bpor
090    $bN173p$c1 ed.
100 1  $aNapoleão, Eduardo
245 10 $aVocabulário Yorùbá$cEduardo Napoleão
260    $aRio de Janeiro$bPallas$c2011
300    $a224 p.
650    $aDicionário
650    $aLíngua
650    $aLinguagem
650    $aYorúbá
650    $aPortuguês
650    $aVocabulário
